<record><leader>00000cas a22000007a 4500</leader><controlfield tag="001">10307462</controlfield><controlfield tag="008">840117d184u1926njuwr ne      0    0eng d</controlfield><datafield ind1=" " ind2=" " tag="010"><subfield code="a">sn 84026155 </subfield></datafield><datafield ind1=" " ind2=" " tag="040"><subfield code="a">NPU</subfield><subfield code="b">eng</subfield><subfield code="c">NPU</subfield><subfield code="d">DLC</subfield><subfield code="d">NPX</subfield><subfield code="d">NPA</subfield><subfield code="d">NJW</subfield><subfield code="d">DLC</subfield><subfield code="d">OCLCQ</subfield><subfield code="d">KRTAS</subfield><subfield code="d">OCLCQ</subfield></datafield><datafield ind1=" " ind2=" " tag="042"><subfield code="a">msc</subfield></datafield><datafield ind1="0" ind2="0" tag="050"><subfield code="a">Newspaper</subfield></datafield><datafield ind1="0" ind2="0" tag="245"><subfield code="a">New Jersey herald, and Sussex County Democrat.</subfield></datafield><datafield ind1="3" ind2="0" tag="246"><subfield code="a">New Jersey herald, and Sussex Co. Democrat</subfield></datafield><datafield ind1="3" ind2="0" tag="246"><subfield code="a">New Jersey herald</subfield></datafield><datafield ind1="3" ind2="0" tag="246"><subfield code="a">Sussex County Democrat</subfield></datafield><datafield ind1=" " ind2=" " tag="260"><subfield code="a">Newton, N.J. :</subfield><subfield code="b">G.J. Beebe</subfield></datafield><datafield ind1=" " ind2=" " tag="300"><subfield code="a">v. :</subfield><subfield code="b">ill. (chiefly advertisements) ;</subfield><subfield code="c">61-74 cm.</subfield></datafield><datafield ind1=" " ind2=" " tag="310"><subfield code="a">Weekly</subfield></datafield><datafield ind1="1" ind2=" " tag="362"><subfield code="a">Ceased with Jan. 21, 1926 issue.</subfield></datafield><datafield ind1=" " ind2=" " tag="500"><subfield code="a">Published as: New Jersey herald, and Sussex Co. Democrat, Feb. 15, 1866-Oct. 8, 1868.</subfield></datafield><datafield ind1=" " ind2=" " tag="500"><subfield code="a">Publishers: Gilbert Judson Beebe, &lt;1844&gt;-1845; Victor M. Drake, 1845-1853; Thomas Anderson, 1853-1855; Morris R. Hamilton, 1855-1858; James J. McNally, 1858-1861; Henry Cooper Kelsey, 1861-1862; Henry Cooper Kelsey &amp; John W. Gillam, 1862-1866; William H. Bell &amp; John W. Gillam, 1866-1867; Thomas G. Bunnell, 1867-&lt;1881&gt;.</subfield></datafield><datafield ind1=" " ind2=" " tag="500"><subfield code="a">Editors: Gilbert Judson Beebe, &lt;1844&gt;-1845; Victor M. Drake, 1845-1853; Thomas Anderson, 1853-1855; Morris R. Hamilton; 1855-1858, Henry Cooper Kelsey, 1861-1866; John W. Gillam, 1862-1867; Thomas G. Bunnell, 1867-&lt;1881&gt;.</subfield></datafield><datafield ind1=" " ind2=" " tag="500"><subfield code="a">"Democratic."</subfield></datafield><datafield ind1=" " ind2=" " tag="530"><subfield code="a">Also issued on microfilm as part of the Civil War newspapers collection.</subfield></datafield><datafield ind1=" " ind2=" " tag="588"><subfield code="a">Description based on: Vol. 16, no. 3 (Dec. 14, 1844).</subfield></datafield><datafield ind1=" " ind2=" " tag="752"><subfield code="a">United States</subfield><subfield code="b">New Jersey</subfield><subfield code="c">Sussex.</subfield></datafield><datafield ind1="0" ind2="0" tag="780"><subfield code="t">New Jersey herald, and Sussex County Democratic Republican</subfield><subfield code="w">(DLC)sn 84020517</subfield><subfield code="w">(OCoLC)11005886</subfield></datafield><datafield ind1="0" ind2="5" tag="780"><subfield code="t">Sussex Democrat</subfield><subfield code="g">1862</subfield></datafield><datafield ind1="0" ind2="0" tag="785"><subfield code="t">New Jersey herald (Newton, N.J. : 1926)</subfield><subfield code="w">(DLC)sn 85035752</subfield><subfield code="w">(OCoLC)12075474</subfield></datafield><datafield ind1=" " ind2=" " tag="938"><subfield code="a">Kirtas Technologies, Inc.</subfield><subfield code="b">KRTS</subfield><subfield code="n">738041</subfield></datafield><datafield ind1="1" ind2=" " tag="029"><subfield code="a">AU@</subfield><subfield code="b">000026223094</subfield></datafield></record>